@inproceedings{szabo2015towards,
	title={Towards the tactile internet: Decreasing communication latency with network coding and software defined networking},
	author={Szabo, David and Gulyas, Andras and Fitzek, Frank HP and Lucani, Daniel E},
	booktitle={European Wireless 2015; 21th European Wireless Conference; Proceedings of},
	pages={1--6},
	year={2015},
	organization={VDE}
}

@article{akyildiz2005wireless,
	title={Wireless mesh networks: a survey},
	author={Akyildiz, Ian F and Wang, Xudong and Wang, Weilin},
	journal={Computer networks},
	volume={47},
	number={4},
	pages={445--487},
	year={2005},
	publisher={Elsevier}
}

@inproceedings{zhu2015towards,
	title={Towards effective intra-flow network coding in software defined wireless mesh networks},
	author={Zhu, Donghai and Yang, Xinyu and Zhao, Peng and Yu, Wei},
	booktitle={Computer Communication and Networks (ICCCN), 2015 24th International Conference on},
	pages={1--8},
	year={2015},
	organization={IEEE}
}

@article{huang2015software,
	title={Software-defined wireless mesh networks: architecture and traffic orchestration},
	author={Huang, Huawei and Li, Peng and Guo, Song and Zhuang, Weihua},
	journal={IEEE network},
	volume={29},
	number={4},
	pages={24--30},
	year={2015},
	publisher={IEEE}
}

@inproceedings{sajjadi2016comparative,
	title={A comparative study of channel switching latency for conventional and SDN-based routing in multi-hop multi-radio Wireless Mesh Networks},
	author={Sajjadi, Dawood and Tanha, Maryam and Pan, Jianping},
	booktitle={Consumer Communications \& Networking Conference (CCNC), 2016 13th IEEE Annual},
	pages={330--334},
	year={2016},
	organization={IEEE}
}

@article{salsano2014controller,
	title={Controller selection in a Wireless Mesh SDN under network partitioning and merging scenarios},
	author={Salsano, Stefano and Siracusano, Giuseppe and Detti, Andrea and Pisa, Claudio and Ventre, Pier Luigi and Blefari-Melazzi, Nicola},
	journal={arXiv preprint arXiv:1406.2470},
	year={2014}
}

@article{chowdhury2008cognitive,
	title={Cognitive wireless mesh networks with dynamic spectrum access},
	author={Chowdhury, Kaushik R and Akyildiz, Ian F},
	journal={IEEE Journal on Selected Areas in Communications},
	volume={26},
	number={1},
	year={2008},
	publisher={IEEE}
}

@article{gupta2000capacity,
	title={The capacity of wireless networks},
	author={Gupta, Piyush and Kumar, Panganmala R},
	journal={IEEE Transactions on information theory},
	volume={46},
	number={2},
	pages={388--404},
	year={2000},
	publisher={IEEE}
}

@inproceedings{kyasanur2005capacity,
	title={Capacity of multi-channel wireless networks: impact of number of channels and interfaces},
	author={Kyasanur, Pradeep and Vaidya, Nitin H},
	booktitle={Proceedings of the 11th annual international conference on Mobile computing and networking},
	pages={43--57},
	year={2005},
	organization={ACM}
}